<record><leader>00000cas a22000007a 4500</leader><controlfield tag="001">16961207</controlfield><controlfield tag="008">871110d18991971ohuwr ne      0    0eng d</controlfield><datafield ind1=" " ind2=" " tag="010"><subfield code="a">sn 87075203 </subfield></datafield><datafield ind1=" " ind2=" " tag="040"><subfield code="a">ONP</subfield><subfield code="b">eng</subfield><subfield code="c">ONP</subfield><subfield code="d">OCLCQ</subfield></datafield><datafield ind1=" " ind2=" " tag="042"><subfield code="a">msc</subfield></datafield><datafield ind1="0" ind2="0" tag="245"><subfield code="a">Glouster press.</subfield></datafield><datafield ind1=" " ind2=" " tag="260"><subfield code="a">Glouster, Ohio :</subfield><subfield code="b">Press Pub. Co.,</subfield><subfield code="c">-1971.</subfield></datafield><datafield ind1=" " ind2=" " tag="310"><subfield code="a">Weekly</subfield></datafield><datafield ind1="1" ind2=" " tag="362"><subfield code="a">Began in Mar. 1899.</subfield></datafield><datafield ind1="0" ind2=" " tag="362"><subfield code="a">-v. 75, no. 16 (Apr. 22, 1971).</subfield></datafield><datafield ind1=" " ind2=" " tag="515"><subfield code="a">Suspended: 1943-1947?</subfield></datafield><datafield ind1=" " ind2=" " tag="588"><subfield code="a">Description based on: Vol. 4, no. 11 (Mar. 16, 1899).</subfield></datafield><datafield ind1=" " ind2=" " tag="752"><subfield code="a">United States</subfield><subfield code="b">Ohio</subfield><subfield code="c">Athens</subfield><subfield code="d">Glouster.</subfield></datafield><datafield ind1="0" ind2="0" tag="780"><subfield code="t">Press (Glouster, Ohio)</subfield><subfield code="w">(DLC)sn 89076161</subfield></datafield></record>